[gd_scene load_steps=11 format=2]

[ext_resource path="res://PnlScores.cs" type="Script" id=1]
[ext_resource path="res://Stages/Scores/PnlScoreUnit.tscn" type="PackedScene" id=2]
[ext_resource path="res://Stages/Scores/CntScores.cs" type="Script" id=3]
[ext_resource path="res://Interface/Themes/EggyTheme.tres" type="Theme" id=4]
[ext_resource path="res://Props/Egg/Art/egg_yellow/egg_yellow.png.resized.png" type="Texture" id=5]
[ext_resource path="res://Interface/Fonts/SayDo/saydo.ttf" type="DynamicFontData" id=6]
[ext_resource path="res://Interface/Fonts/SayDo/SayDo28.tres" type="DynamicFont" id=7]

[sub_resource type="Animation" id=1]
resource_name = "FadeInScores"
length = 0.5
tracks/0/type = "value"
tracks/0/path = NodePath("CntScores:modulate")
tracks/0/interp = 1
tracks/0/loop_wrap = true
tracks/0/imported = false
tracks/0/enabled = true
tracks/0/keys = {
"times": PoolRealArray( 0, 0.5 ),
"transitions": PoolRealArray( 2, 1 ),
"update": 0,
"values": [ Color( 1, 1, 1, 0 ), Color( 1, 1, 1, 1 ) ]
}

[sub_resource type="Animation" id=2]
resource_name = "Loading"
loop = true
tracks/0/type = "value"
tracks/0/path = NodePath("icon:rotation_degrees")
tracks/0/interp = 1
tracks/0/loop_wrap = true
tracks/0/imported = false
tracks/0/enabled = true
tracks/0/keys = {
"times": PoolRealArray( 0, 1 ),
"transitions": PoolRealArray( 1, 1 ),
"update": 0,
"values": [ 0.0, 360.0 ]
}

[sub_resource type="DynamicFont" id=3]
size = 48
outline_color = Color( 0, 0, 0, 1 )
font_data = ExtResource( 6 )

[node name="PnlScores" type="Panel"]
anchor_right = 1.0
anchor_bottom = 1.0
margin_top = 10.0
margin_right = -94.0
margin_bottom = -10.0
theme = ExtResource( 4 )
script = ExtResource( 1 )
__meta__ = {
"_edit_use_anchors_": false
}

[node name="icon" type="Sprite" parent="."]
position = Vector2( 429.357, 249.685 )
scale = Vector2( 0.5, 0.5 )
texture = ExtResource( 5 )
region_enabled = true
region_rect = Rect2( 605.64, 5.7, 288.405, 288.405 )

[node name="CntScores" type="Panel" parent="."]
modulate = Color( 1, 1, 1, 0 )
margin_left = 101.216
margin_top = 72.0
margin_right = 761.216
margin_bottom = 481.0
script = ExtResource( 3 )
__meta__ = {
"_edit_use_anchors_": false
}

[node name="PnlScoreUnit" parent="CntScores" instance=ExtResource( 2 )]
visible = false
margin_right = 650.0
margin_bottom = 50.0

[node name="Anim" type="AnimationPlayer" parent="."]
autoplay = "Loading"
anims/FadeInScores = SubResource( 1 )
anims/Loading = SubResource( 2 )

[node name="LblTitle" type="Label" parent="."]
margin_left = 17.0
margin_top = 13.0
margin_right = 847.0
margin_bottom = 59.0
custom_fonts/font = SubResource( 3 )
custom_colors/font_color = Color( 0, 0, 0, 1 )
text = "LEADERBOARD"
align = 1
__meta__ = {
"_edit_use_anchors_": false
}

[node name="BtnClose" type="Button" parent="."]
margin_left = 825.975
margin_right = 865.975
margin_bottom = 40.0
custom_fonts/font = ExtResource( 7 )
text = "x"
__meta__ = {
"_edit_use_anchors_": false
}

[node name="DumbTimer" type="Timer" parent="."]
wait_time = 2.0
one_shot = true
[connection signal="pressed" from="BtnClose" to="." method="OnBtnClosePressed"]
[connection signal="timeout" from="DumbTimer" to="CntScores" method="OnDumbTimerTimeout"]
